<!-- -->

### (1a)
@article{Osinski2019SimulationBasedRL,
  title={Simulation-Based Reinforcement Learning for Real-World Autonomous Driving},
  author={Blazej Osinski and Adam Jakubowski and Piotr Milos and Pawel Ziecina and Christopher Galias and Silviu Homoceanu and Henryk Michalewski},
  journal={IEEE International Conference on Robotics and Automation (ICRA)},
  year={2020},
  pages={6411-6418}
}

### (1aa)
@article{Maramotti2022TacklingRA,
  title={Tackling Real-World Autonomous Driving using Deep Reinforcement Learning},
  author={Paolo Maramotti and Alessandro Paolo Capasso and Giulio Bacchiani and Alberto Broggi},
  journal={2022 IEEE Intelligent Vehicles Symposium (IV)},
  pages={1274-1281}
}

### (1b)
@inproceedings{Nachum2018DataEfficientHR,
  title={Data-Efficient Hierarchical Reinforcement Learning},
  author={Ofir Nachum and Shixiang Shane Gu and Honglak Lee and Sergey Levine},
  booktitle={Neural Information Processing Systems},
  year={2018}
}

### (1c)
@article{ACM2018ImitationLearningSurvey,
author = {Hussein, Ahmed and Gaber, Mohamed Medhat and Elyan, Eyad and Jayne, Chrisina},
title = {Imitation Learning: A Survey of Learning Methods},
year = {2017},
issue_date = {March 2018},
publisher = {Association for Computing Machinery},
address = {New York, NY, USA},
volume = {50},
number = {2},
issn = {0360-0300},
url = {https://doi.org/10.1145/3054912},
doi = {10.1145/3054912},
journal = {ACM Computing Surveys},
month = {apr},
articleno = {21},
numpages = {35},
}

### (1d)
@Article{MLKE2022HRLSurvey,
AUTHOR = {Hutsebaut-Buysse, Matthias and Mets, Kevin and Latré, Steven},
TITLE = {Hierarchical Reinforcement Learning: A Survey and Open Research Challenges},
JOURNAL = {Machine Learning and Knowledge Extraction},
VOLUME = {4},
YEAR = {2022},
NUMBER = {1},
PAGES = {172--221},
URL = {https://www.mdpi.com/2504-4990/4/1/9},
ISSN = {2504-4990},
DOI = {10.3390/make4010009}
}

### (1e)
@article{Stone2022ASO,
  title={A Survey of Scalable Reinforcement Learning},
  author={George B. Stone and Douglas A. Talbert and William Eberle},
  journal={International Journal of Intelligent Computing Research (IJICR)},
  year={2022}
}

### (1f)
@article{Aubret2019ASO,
  title={A survey on intrinsic motivation in reinforcement learning},
  author={Arthur Aubret and Laetitia Matignon and Salima Hassas},
  journal={ArXiv},
  year={2019},
  volume={abs/1908.06976}
}

### (1g)
@article{Gronauer2021MultiagentDR,
  title={Multi-agent deep reinforcement learning: a survey},
  author={Sven Gronauer and Klaus Diepold},
  journal={Artificial Intelligence Review},
  year={2021},
  volume={55},
  pages={895 - 943}
}

### (1h)
@article{HernandezLeal2019ASA,
  title={A survey and critique of multiagent deep reinforcement learning},
  author={Pablo Hernandez-Leal and Bilal Kartal and Matthew E. Taylor},
  journal={Autonomous Agents and Multi-Agent Systems},
  year={2019},
  volume={33},
  pages={750 - 797}
}

<!-- -->

### (2a)
@inproceedings{Papoudakis2020BenchmarkingMD,
  title={Benchmarking Multi-Agent Deep Reinforcement Learning Algorithms in Cooperative Tasks},
  author={Georgios Papoudakis and Filippos Christianos and Lukas Schafer and Stefano V. Albrecht},
  booktitle={NeurIPS Datasets and Benchmarks},
  year={2020}
}

### (2b)
@article{Lowe2017MultiAgentAF,
  title={Multi-Agent Actor-Critic for Mixed Cooperative-Competitive Environments},
  author={Ryan Lowe and Yi Wu and Aviv Tamar and Jean Harb and P. Abbeel and Igor Mordatch},
  journal={ArXiv},
  year={2017},
  volume={abs/1706.02275}
}

### (2c)
@article{Foerster2017CounterfactualMP,
  title={Counterfactual Multi-Agent Policy Gradients},
  author={Jakob N. Foerster and Gregory Farquhar and Triantafyllos Afouras and Nantas Nardelli and Shimon Whiteson},
  journal={ArXiv},
  year={2017},
  volume={abs/1705.08926}
}

### (2d)
@inproceedings{AAMAS2018VDN,
author = {Sunehag, Peter and Lever, Guy and Gruslys, Audrunas and Czarnecki, Wojciech Marian and Zambaldi, Vinicius and Jaderberg, Max and Lanctot, Marc and Sonnerat, Nicolas and Leibo, Joel Z. and Tuyls, Karl and Graepel, Thore},
title = {Value-Decomposition Networks For Cooperative Multi-Agent Learning Based On Team Reward},
year = {2018},
publisher = {International Foundation for Autonomous Agents and Multiagent Systems},
address = {Richland, SC},
booktitle = {The 17th International Conference on Autonomous Agents and MultiAgent Systems (AAMAS)},
pages = {2085–2087},
numpages = {3},
location = {Stockholm, Sweden},
series = {AAMAS '18}
}

### (2e)
@article{Son2019QTRANLT,
  title={QTRAN: Learning to Factorize with Transformation for Cooperative Multi-Agent Reinforcement Learning},
  author={Kyunghwan Son and Daewoo Kim and Wan Ju Kang and David Earl Hostallero and Yung Yi},
  journal={ArXiv},
  year={2019},
  volume={abs/1905.05408}
}

### (2f)
@article{Yang2020QattenAG,
  title={Qatten: A General Framework for Cooperative Multiagent Reinforcement Learning},
  author={Yaodong Yang and Jianye Hao and B. Liao and Kun Shao and Guangyong Chen and Wulong Liu and Hongyao Tang},
  journal={ArXiv},
  year={2020},
  volume={abs/2002.03939}
}

### (2g)
@article{Lowe2017MultiAgentAF,
  title={Multi-Agent Actor-Critic for Mixed Cooperative-Competitive Environments},
  author={Ryan Lowe and Yi Wu and Aviv Tamar and Jean Harb and P. Abbeel and Igor Mordatch},
  journal={ArXiv},
  year={2017},
  volume={abs/1706.02275}
}

### (2h)
@article{Foerster2017CounterfactualMP,
  title={Counterfactual Multi-Agent Policy Gradients},
  author={Jakob N. Foerster and Gregory Farquhar and Triantafyllos Afouras and Nantas Nardelli and Shimon Whiteson},
  journal={ArXiv},
  year={2017},
  volume={abs/1705.08926}
}

### (3)
@article{Rashid2018QMIXMV,
  title={QMIX: Monotonic Value Function Factorisation for Deep Multi-Agent Reinforcement Learning},
  author={Tabish Rashid and Mikayel Samvelyan and C. S. D. Witt and Gregory Farquhar and Jakob N. Foerster and Shimon Whiteson},
  journal={ArXiv},
  year={2018},
  volume={abs/1803.11485}
}

### (3a)
@inproceedings{Mahajan2019MAVENMV,
  title={MAVEN: Multi-Agent Variational Exploration},
  author={Anuj Mahajan and Tabish Rashid and Mikayel Samvelyan and Shimon Whiteson},
  booktitle={Neural Information Processing Systems},
  year={2019}
}

### (3b)
@article{Wang2020QPLEXDD,
  title={QPLEX: Duplex Dueling Multi-Agent Q-Learning},
  author={Jianhao Wang and Zhizhou Ren and Terry Liu and Yang Yu and Chongjie Zhang},
  journal={ArXiv},
  year={2020},
  volume={abs/2008.01062}
}

-
@article{Avalos2021LocalAN,
  title={Local Advantage Networks for Cooperative Multi-Agent Reinforcement Learning},
  author={Raphael Avalos and Mathieu Reymond and Ann Now'e and Diederik M. Roijers},
  journal={ArXiv},
  year={2021},
  volume={abs/2112.12458}
}

                not used
-
@article{Mao2021DecentralizedCM,
  title={Decentralized Cooperative Multi-Agent Reinforcement Learning with Exploration},
  author={Weichao Mao and Tamer Başar and Lin F. Yang and K. Zhang},
  journal={ArXiv},
  year={2021},
  volume={abs/2110.05707}
}

<!-- -->

### (4a)
@inproceedings{Luncean2015CommunicationAI,
  title={Communication and interaction in a multi-agent system devised for transport brokering},
  author={Lucian Luncean and Alex Becheru},
  year={2015}
}

### (4a17)
@article{Poslad2007SpecifyingPF,
  title={Specifying protocols for multi-agent systems interaction},
  author={Stefan Poslad},
  journal={ACM Transactions on Autonomous and Adaptive Systems (TAAS)},
  year={2007},
  volume={2},
  pages={15}
}

### (4a19)
@inproceedings{Finin1994KQMLAA,
  title={KQML as an agent communication language},
  author={Timothy W. Finin and Richard Fritzson and Donald P. McKay and Robin McEntire},
  booktitle={International Conference on Information and Knowledge Management},
  year={1994}
}

### (4b)
@article{Koes2004CommunicationEI,
  title={Communication efficiency in multi-agent systems},
  author={Mary Koes and Illah Reza Nourbakhsh and Katia P. Sycara},
  journal={IEEE International Conference on Robotics and Automation (ICRA)},
  year={2004},
  volume={3},
  pages={2129-2134 Vol.3}
}

### (4c)*
@article{Heider1944AnES,
  title={An experimental study of apparent behavior},
  author={Fritz Heider and Marianne L. Simmel},
  journal={American Journal of Psychology (AJP)},
  year={1944},
  volume={57},
  pages={243-259}
}

### (4d)*
@article{Rasouli2017AgreeingTC,
  title={Agreeing to cross: How drivers and pedestrians communicate},
  author={Amir Rasouli and Iuliia Kotseruba and John K. Tsotsos},
  journal={IEEE Intelligent Vehicles Symposium (IV)},
  year={2017},
  pages={264-269}
}

### (4e)
@article{Li2021LearningED,
  title={Learning Emergent Discrete Message Communication for Cooperative Reinforcement Learning},
  author={Sheng Li and Yutai Zhou and R. Allen and Mykel J. Kochenderfer},
  journal={International Conference on Robotics and Automation (ICRA)},
  year={2022},
  pages={5511-5517}
}

### (4f) events
@article{Ge2017EventBasedSL,
  title={Event-Based Set-Membership Leader-Following Consensus of Networked Multi-Agent Systems Subject to Limited Communication Resources and Unknown-But-Bounded Noise},
  author={Xiaohua Ge and Qinglong Han and Fuwen Yang},
  journal={IEEE Transactions on Industrial Electronics (TIE)},
  year={2017},
  volume={64},
  pages={5045-5054}
}

### (5a) memory sharing
@article{Pesce2019ImprovingCI,
  title={Improving coordination in small-scale multi-agent deep reinforcement learning through memory-driven communication},
  author={Emanuele Pesce and G. Montana},
  journal={Machine Learning},
  year={2019},
  pages={1-21}
}

### (4g)
@article{Liu2021LearningCF,
  title={Learning Communication for Cooperation in Dynamic Agent-Number Environment},
  author={Weiwei Liu and Shanqi Liu and Junjie Cao and Qi Wang and Xiaolei Lang and Yong Liu},
  journal={IEEE/ASME Transactions on Mechatronics (TMECH)},
  year={2021},
  volume={26},
  pages={1846-1857}
}

### (4h)
@article{Mao2017ACCNetAN,
  title={ACCNet: Actor-Coordinator-Critic Net for "Learning-to-Communicate" with Deep Multi-agent Reinforcement Learning},
  author={Hangyu Mao and Zhibo Gong and Yan Ni and Xiangyu Liu and Quanbin Wang and Weichen Ke and Chao Ma and Yiping Song and Zhen Xiao},
  journal={ArXiv},
  year={2017},
  volume={abs/1706.03235}
}

### (5s)
@inproceedings{Jang2004EfficientAC,
  title={Efficient Agent Communication in Multi-agent Systems},
  author={Myeong-Wuk Jang and Amr Adel Hassan Ahmed and Gul A. Agha},
  booktitle={International Workshop on Software Engineering for Large-Scale Multi-Agent Systems},
  year={2004}
}

just reduce number of communications
### (4i)
@inproceedings{Niu2021MultiAgentGC,
  title={Multi-Agent Graph-Attention Communication and Teaming},
  author={Yaru Niu and Rohan R. Paleja and Matthew Craig Gombolay},
  booktitle={Adaptive Agents and Multi-Agent Systems},
  year={2021}
}

### (4j)
@article{Zhao2022TargetedMC,
  title={Targeted multi-agent communication algorithm based on state control},
  author={Li-yang Zhao and Tianqing Chang and Lei Zhang and J Zhang and Kaixuan Chu and De-peng Kong},
  journal={Defence Technology},
  year={2022}
}

### (5g)
@article{Liu2020When2comMP,
  title={When2com: Multi-Agent Perception via Communication Graph Grouping},
  author={Yen-Cheng Liu and Junjiao Tian and Nathan Glaser and Zsolt Kira},
  journal={IEEE/CVF Conference on Computer Vision and Pattern Recognition (CVPR)},
  year={2020},
  pages={4105-4114}
}

### (4l) infer to avoid unuseful send
@article{Ding2020LearningII,
  title={Learning Individually Inferred Communication for Multi-Agent Cooperation},
  author={Ziluo Ding and Tiejun Huang and Zongqing Lu},
  journal={ArXiv},
  year={2020},
  volume={abs/2006.06455}
}

### (5a aside)
@article{Blumenkamp2020TheEO,
  title={The Emergence of Adversarial Communication in Multi-Agent Reinforcement Learning},
  author={Jan Blumenkamp and Amanda Prorok},
  journal={ArXiv},
  year={2020},
  volume={abs/2008.02616}
}

### (5b)
@article{Tu2021AdversarialAO,
  title={Adversarial Attacks On Multi-Agent Communication},
  author={James Tu and Tsun-Hsuan Wang and Jingkang Wang and Sivabalan Manivasagam and Mengye Ren and Raquel Urtasun},
  journal={IEEE/CVF International Conference on Computer Vision (ICCV)},
  year={2021},
  pages={7748-7757}
}

### (5a) TODO o 2020?
@article{Pesce2019ImprovingCI,
  title={Improving coordination in small-scale multi-agent deep reinforcement learning through memory-driven communication},
  author={Emanuele Pesce and G. Montana},
  journal={Machine Learning},
  year={2019},
  pages={1-21}
}

### (5aa)
@article{Hu2021EventTriggeredCN,
  title={Event-Triggered Communication Network With Limited-Bandwidth Constraint for Multi-Agent Reinforcement Learning.},
  author={Guangzhen Hu and Yuanheng Zhu and Dongbin Zhao and Mengchen Zhao and Jianye Hao},
  journal={IEEE Transactions on Neural Networks and Learning Systems},
  year={2021},
  volume={PP}
}

### (5d)  TODO doppio
@inproceedings{Niu2021MultiAgentGC,
  title={Multi-Agent Graph-Attention Communication and Teaming},
  author={Yaru Niu and Rohan R. Paleja and Matthew Craig Gombolay},
  booktitle={Adaptive Agents and Multi-Agent Systems},
  year={2021}
}

### (5h)
@article{Wang2019LearningEM,
  title={Learning Efficient Multi-agent Communication: An Information Bottleneck Approach},
  author={R. Wang and Xu He and Runsheng Yu and Wei Qiu and Bo An and Zinovi Rabinovich},
  journal={ArXiv},
  year={2019},
  volume={abs/1911.06992}
}

<!-- -->

### (4f) not used
@article{Ge2017EventBasedSL,
  title={Event-Based Set-Membership Leader-Following Consensus of Networked Multi-Agent Systems Subject to Limited Communication Resources and Unknown-But-Bounded Noise},
  author={Xiaohua Ge and Qinglong Han and Fuwen Yang},
  journal={IEEE Transactions on Industrial Electronics (TIE)},
  year={2017},
  volume={64},
  pages={5045-5054}
}

### (6a)
@inproceedings{Kim2021CommunicationIM,
  title={Communication in Multi-Agent Reinforcement Learning: Intention Sharing},
  author={Woojun Kim and Jongeui Park and Youngchul Sung},
  journal={International Conference on Learning Representations (ICLR)},
  year={2021}
}

### (6b)
@article{Lin2021LearningTG,
  title={Learning to Ground Multi-Agent Communication with Autoencoders},
  author={Toru Lin and Minyoung Huh and C. Stauffer and Ser Nam Lim and Phillip Isola},
  journal={ArXiv},
  year={2021},
  volume={abs/2110.15349}
}

### (6c)
@inproceedings{Sukhbaatar2016LearningMC,
  title={Learning Multiagent Communication with Backpropagation},
  author={Sainbayar Sukhbaatar and Arthur D. Szlam and Rob Fergus},
  booktitle={NIPS},
  year={2016}
}

### (6d)
@article{IC3NETSingh2018LearningWT,
  title={Learning when to Communicate at Scale in Multiagent Cooperative and Competitive Tasks},
  author={Amanpreet Singh and Tushar Jain and Sainbayar Sukhbaatar},
  journal={ArXiv},
  year={2018},
  volume={abs/1812.09755}
}

### (6e)
@article{Das2018TarMACTM,
  title={TarMAC: Targeted Multi-Agent Communication},
  author={Abhishek Das and Theophile Gervet and Joshua Romoff and Dhruv Batra and Devi Parikh and Michael G. Rabbat and Joelle Pineau},
  journal={ArXiv},
  year={2018},
  volume={abs/1810.11187}
}

### (6f)
@article{Peng2017MultiagentBN,
  title={Multiagent Bidirectionally-Coordinated Nets: Emergence of Human-level Coordination in Learning to Play StarCraft Combat Games},
  author={Peng Peng and Ying Wen and Yaodong Yang and Quan Yuan and Zhenkun Tang and Haitao Long and Jun Wang},
  journal={ArXiv},
  year={2017}
}

### (6g)
@inproceedings{ATOCJiang2018LearningAC,
  title={Learning Attentional Communication for Multi-Agent Cooperation},
  author={Jiechuan Jiang and Zongqing Lu},
  booktitle={Neural Information Processing Systems},
  year={2018}
}

- non è commnication
@inproceedings{Yuan2022MultiAgentCC,
  title={Multi-Agent Concentrative Coordination with Decentralized Task Representation},
  author={Lei Yuan and Chenghe Wang and Jianhao Wang and Fuxiang Zhang and F. Chen and Cong Guan and Zongzhang Zhang and Chongjie Zhang and Yang Yu},
  journal={International Joint Conference on Artificial Intelligence (IJCAI)},
  year={2022}
}

### (7a)
@inproceedings{Chen2022GoalCA,
  title={Goal Consistency: An Effective Multi-Agent Cooperative Method for Multistage Tasks},
  author={Xinning Chen and Xuan Liu and Shigeng Zhang and Bo Ding and KenLi Li},
  journal={International Joint Conference on Artificial Intelligence (IJCAI)},
  year={2022}
}

### (7b)
@inproceedings{Li2021StructuredDE,
  title={Structured Diversification Emergence via Reinforced Organization Control and Hierarchical Consensus Learning},
  author={Wenhao Li and Xiangfeng Wang and Bo Jin and Junjie Sheng and Yun Hua and Hongyuan Zha},
  booktitle={Adaptive Agents and Multi-Agent Systems},
  year={2021}
}

### (7c)
@article{Ren2005ConsensusSI,
  title={Consensus seeking in multiagent systems under dynamically changing interaction topologies},
  author={Wei Ren and Randal W. Beard},
  journal={IEEE Transactions on Automatic Control (TAC)},
  year={2005},
  volume={50},
  pages={655-661}
}

### (7d)
@article{OlfatiSaber2007ConsensusAC,
  title={Consensus and Cooperation in Networked Multi-Agent Systems},
  author={Reza Olfati-Saber and J. Alexander Fax and Richard M. Murray},
  journal={IEEE},
  year={2007},
  volume={95},
  pages={215-233}
}

<!-- missing section -->




### [1]
@article{Silver2017MasteringCA,
author = {David Silver  and Thomas Hubert  and Julian Schrittwieser  and Ioannis Antonoglou  and Matthew Lai  and Arthur Guez  and Marc Lanctot  and Laurent Sifre  and Dharshan Kumaran  and Thore Graepel  and Timothy Lillicrap  and Karen Simonyan  and Demis Hassabis },
title = {A general reinforcement learning algorithm that masters chess, shogi, and Go through self-play},
journal = {Science},
volume = {362},
number = {6419},
pages = {1140-1144},
year = {2018},
doi = {10.1126/science.aar6404},
URL = {https://www.science.org/doi/abs/10.1126/science.aar6404}
}

### [2]
@article{Zhang2020MultiAgentCV,
  title={Multi-Agent Collaboration via Reward Attribution Decomposition},
  author={Tianjun Zhang and Huazhe Xu and Xiaolong Wang and Yi Wu and Kurt Keutzer and Joseph Gonzalez and Yuandong Tian},
  journal={ArXiv},
  year={2020},
  volume={abs/2010.08531}
}
### [3]
@article{Cao2012AnOO,
  title={An Overview of Recent Progress in the Study of Distributed Multi-Agent Coordination},
  author={Yongcan Cao and Wenwu Yu and Wei Ren and Guanrong Chen},
  journal={IEEE Transactions on Industrial Informatics (TIE)},
  year={2012},
  volume={9},
  pages={427-438}
}

### [4]
@article{Buoniu2008ACS,
  title={A Comprehensive Survey of Multiagent Reinforcement Learning},
  author={Lucian Buşoniu and Robert Babuvska and Bart De Schutter},
  journal={IEEE Transactions on Systems, Man, and Cybernetics, Part C},
  year={2008},
  volume={38},
  pages={156-172}
}

### [5]
@inproceedings{Hoen2005AnOO,
  title={An Overview of Cooperative and Competitive Multiagent Learning},
  author={Pieter Jan't Hoen and Karl Tuyls and Liviu Panait and Sean Luke and Han La Poutre},
  booktitle={Learning and Adaption in Multi-Agent Systems},
  year={2005}
}


### [6]
@misc{UnityML,
  author = {Unity},
  title = {Unity ML agents},
  howpublished = {\url{https://unity.com/products/machine-learning-agents/}},
  year = {2017}
}

### [7]
@misc{Farama,
  author = {TheFaramaFoundation},
  title = {Farama Group for Open Source Reinforcement Learning Tools},
  howpublished = {\url{https://farama.org/}},
  year = {2022}
}

### [9]
@article{Rescorla1988behavioral,
  title={Behavioral studies of Pavlovian conditioning},
  author={Rescorla, Robert A},
  journal={Annual Review of Neuroscience},
  volume={11},
  number={1},
  pages={329--352},
  year={1988},
  publisher={Annual Reviews 4139 El Camino Way, PO Box 10139, Palo Alto, CA 94303-0139, USA}
}

### [8][10]
@article{Rao2000ReinforcementLA,
  title={Reinforcement Learning: An Introduction; R.S. Sutton, A.G. Barto (Eds.); MIT Press, Cambridge, MA, 1998, 380 pages, ISBN 0-262-19398-1, \$42.00},
  author={Rajesh P. N. Rao},
  journal={Neural Networks},
  year={2000},
  volume={13},
  pages={133-135}
}

### [11]
@article{Schrittwieser2019MasteringAG,
  title={Mastering Atari, Go, chess and shogi by planning with a learned model},
  author={Julian Schrittwieser and Ioannis Antonoglou and Thomas Hubert and Karen Simonyan and L. Sifre and Simon Schmitt and Arthur Guez and Edward Lockhart and Demis Hassabis and Thore Graepel and Timothy P. Lillicrap and David Silver},
  journal={Nature},
  year={2019},
  volume={588},
  pages={604 - 609}
}

### [13]
@article{Bowling2002MultiagentLU,
  title={Multiagent learning using a variable learning rate},
  author={Michael Bowling and Manuela M. Veloso},
  journal={Artificial Intelligence (AIJ)},
  year={2002},
  volume={136},
  pages={215-250}
}

### [14]
@article{kapetanakis2002reinforcement,
  title={Reinforcement learning of coordination in cooperative multi-agent systems},
  author={Kapetanakis, Spiros and Kudenko, Daniel},
  journal={AAAI Innovative Applications of Artificial Intelligence Conference (IAAI)},
  volume={2002},
  pages={326--331},
  year={2002}
}

### [15]
@article{hu2003nash,
  title={Nash Q-learning for general-sum stochastic games},
  author={Hu, Junling and Wellman, Michael P},
  journal={Journal of Machine Learning Research (JMLR)},
  volume={4},
  number={Nov},
  pages={1039--1069},
  year={2003}
}

### [16]
@inproceedings{littman2001friend,
  title={Friend-or-foe Q-learning in general-sum games},
  author={Littman, Michael L and others},
  journal={International Conference on Machine Learning (ICML)},
  volume={1},
  pages={322--328},
  year={2001}
}

### [17]
@inproceedings{Rabinovich2003TheCO,
  title={The complexity of multiagent systems: the price of silence},
  author={Zinovi Rabinovich and Claudia V. Goldman and Jeffrey S. Rosenschein},
  booktitle={Adaptive Agents and Multi-Agent Systems},
  year={2003}
}

### [18]
@article{Blondel2000ASO,
author = {Blondel, Vincent D. and Tsitsiklis, John N.},
title = {A Survey of Computational Complexity Results in Systems and Control},
year = {2000},
issue_date = {September, 2000},
publisher = {Pergamon Press, Inc.},
address = {USA},
volume = {36},
number = {9},
issn = {0005-1098},
url = {https://doi.org/10.1016/S0005-1098(00)00050-9},
doi = {10.1016/S0005-1098(00)00050-9},
journal = {Automatica},
month = {sep},
pages = {1249–1274},
}

### [19]
@inproceedings{Coulouris2012DistributedS,
  title={Distributed systems : concepts and design / George Coulouris ... [et al.]},
  author={George Coulouris},
  year={2012}
}

### [20]
@inproceedings{Van2016deep,
  title={Deep reinforcement learning with double q-learning},
  author={Van Hasselt, Hado and Guez, Arthur and Silver, David},
  booktitle={AAAI Conference on Artificial Intelligence},
  volume={30},
  number={1},
  year={2016}
}

### [21]
@book{weiss1999multiagent,
  title={Multiagent systems: a modern approach to distributed artificial intelligence},
  author={Weiss, Gerhard},
  year={1999},
  publisher={MIT press}
}


<!-- p/np section, [[arXiv:1810.05587v3]] -->


### [2p]
@article{Shoham2007IfML,
  title={If multi-agent learning is the answer, what is the question?},
  author={Yoav Shoham and Rob Powers and Trond Grenager},
  journal={Artificial Intelligence},
  year={2007},
  volume={171},
  pages={365-377}
}

### [5p]
@article{Buoniu2008ACS,
  title={A Comprehensive Survey of Multiagent Reinforcement Learning},
  author={Lucian Buşoniu and Robert Babuvska and Bart De Schutter},
  journal={IEEE Transactions on Systems, Man, and Cybernetics, Part C},
  year={2008},
  volume={38},
  pages={156-172}
}

### [8p] 
@article{Matignon2012IndependentRL,
  title={Independent reinforcement learners in cooperative Markov games: a survey regarding coordination problems},
  author={La{\"e}titia Matignon and Guillaume J. Laurent and Nadine Le Fort-Piat},
  journal={The Knowledge Engineering Review (KER)},
  year={2012},
  volume={27},
  pages={1 - 31}
}

### [10p]
@article{HernandezLeal2017ASO,
  title={A Survey of Learning in Multiagent Environments: Dealing with Non-Stationarity},
  author={Pablo Hernandez-Leal and Michael Kaisers and Tim Baarslag and Enrique Munoz de Cote},
  journal={ArXiv},
  year={2017},
  volume={abs/1707.09183}
}

### [11p]
@article{Albrecht2017AutonomousAM,
  title={Autonomous agents modelling other agents: A comprehensive survey and open problems},
  author={Stefano V. Albrecht and Peter Stone},
  journal={ArXiv},
  year={2017},
  volume={abs/1709.08071}
}

### [12p]
@article{Silva2019ASO,
  title={A Survey on Transfer Learning for Multiagent Reinforcement Learning Systems},
  author={Felipe Leno da Silva and Anna Helena Reali Costa},
  journal={Journal of Artificial Intelligence Research (JAIR)},
  year={2019},
  volume={64},
  pages={645-703}
}

### [13p]
@article{Mnih2015HumanlevelCT,
  title={Human-level control through deep reinforcement learning},
  author={Volodymyr Mnih and Koray Kavukcuoglu and David Silver and Andrei A. Rusu and Joel Veness and Marc G. Bellemare and Alex Graves and Martin A. Riedmiller and Andreas Fidjeland and Georg Ostrovski and Stig Petersen and Charlie Beattie and Amir Sadik and Ioannis Antonoglou and Helen King and Dharshan Kumaran and Daan Wierstra and Shane Legg and Demis Hassabis},
  journal={Nature},
  year={2015},
  volume={518},
  pages={529-533}
}

### [14p]
@article{Silver2016MasteringTG,
  title={Mastering the game of Go with deep neural networks and tree search},
  author={David Silver and Aja Huang and Chris J. Maddison and Arthur Guez and L. Sifre and George van den Driessche and Julian Schrittwieser and Ioannis Antonoglou and Vedavyas Panneershelvam and Marc Lanctot and Sander Dieleman and Dominik Grewe and John Nham and Nal Kalchbrenner and Ilya Sutskever and Timothy P. Lillicrap and Madeleine Leach and Koray Kavukcuoglu and Thore Graepel and Demis Hassabis},
  journal={Nature},
  year={2016},
  volume={529},
  pages={484-489}
}

### [15p]
@article{Silver2017MasteringTG,
  title={Mastering the game of Go without human knowledge},
  author={David Silver and Julian Schrittwieser and Karen Simonyan and Ioannis Antonoglou and Aja Huang and Arthur Guez and Thomas Hubert and Lucas baker and Matthew Lai and Adrian Bolton and Yutian Chen and Timothy P. Lillicrap and Fan Hui and L. Sifre and George van den Driessche and Thore Graepel and Demis Hassabis},
  journal={Nature},
  year={2017},
  volume={550},
  pages={354-359}
}

### [17p]
@article{Brown2018SuperhumanAF,
  title={Superhuman AI for heads-up no-limit poker: Libratus beats top professionals},
  author={Noam Brown and Tuomas Sandholm},
  journal={Science},
  year={2018},
  volume={359},
  pages={418 - 424}
}

### [18p]
@misc{ OpenAI_dota,
  author = {OpenAI},
  title = {OpenAI Five},
  howpublished = {\url{https://blog.openai.com/openai-five/}},
  year = {2018}
}
### [19p]
@article{Vinyals2019GrandmasterLI,
  title={Grandmaster level in StarCraft II using multi-agent reinforcement learning},
  author={Oriol Vinyals and Igor Babuschkin and Wojciech M. Czarnecki and Michael Mathieu and Andrew Dudzik and Junyoung Chung and David H. Choi and Richard Powell and Timo Ewalds and Petko Georgiev and Junhyuk Oh and Dan Horgan and Manuel Kroiss and Ivo Danihelka and Aja Huang and L. Sifre and Trevor Cai and John P. Agapiou and Max Jaderberg and Alexander Sasha Vezhnevets and Remi Leblond and Tobias Pohlen and Valentin Dalibard and David Budden and Yury Sulsky and James Molloy and Tom Le Paine and Caglar Gulcehre and Ziyun Wang and Tobias Pfaff and Yuhuai Wu and Roman Ring and Dani Yogatama and Dario Wunsch and Katrina McKinney and Oliver Smith and Tom Schaul and Timothy P. Lillicrap and Koray Kavukcuoglu and Demis Hassabis and Chris Apps and David Silver},
  journal={Nature},
  year={2019},
  pages={1-5}
}
### [31p]
@article{Wolpert2001OptimalPF,
  title={Optimal Payoff Functions for Members of Collectives},
  author={David H. Wolpert and Kagan Tumer},
  journal={Adv. Complex Syst.},
  year={2001},
  volume={4},
  pages={265-280}
}

### [32p]
@article{Agogino2004UnifyingTA,
  title={Unifying temporal and structural credit assignment problems},
  author={Adrian K. Agogino and Kagan Tumer},
  journal={3rd International Joint Conference on Autonomous Agents and Multiagent Systems (AAMAS)},
  year={2004},
  pages={980-987}
}

### [33p]
@inproceedings{Fulda2007PredictingAP,
  title={Predicting and Preventing Coordination Problems in Cooperative Q-learning Systems},
  author={Nancy Fulda and D. Ventura},
  booktitle={International Joint Conference on Artificial Intelligence (IJCAI)},
  year={2007}
}

### [34p]
@article{Wei2016LenientLI,
  title={Lenient Learning in Independent-Learner Stochastic Cooperative Games},
  author={Ermo Wei and Sean Luke},
  journal={Journal of Machine Learning Research (JMLR)},
  year={2016},
  volume={17},
  pages={84:1-84:42}
}

### [35p]
@article{Palmer2017LenientMD,
  title={Lenient Multi-Agent Deep Reinforcement Learning},
  author={Gregory Palmer and Karl Tuyls and Daan Bloembergen and Rahul Savani},
  journal={ArXiv},
  year={2017},
  volume={abs/1707.04402}
}


<!-- pp section, [[arXiv:1912.00498v1]] -->


### [1pp] 
@inproceedings{Bernstein2000TheCO,
  title={The Complexity of Decentralized Control of Markov Decision Processes},
  author={Daniel S. Bernstein and Shlomo Zilberstein and Neil Immerman},
  booktitle={Conference on Uncertainty in Artificial Intelligence (UAI)},
  year={2000}
}

### [10pp]
@inproceedings{Claus1998TheDO,
  title={The Dynamics of Reinforcement Learning in Cooperative Multiagent Systems},
  author={Caroline Claus and Craig Boutilier},
  booktitle={AAAI Innovative Applications of Artificial Intelligence Conference (IAAI)},
  year={1998}
}

### [2pp] 
@article{Leibo2017MultiagentRL,
  title={Multi-agent Reinforcement Learning in Sequential Social Dilemmas},
  author={Joel Z. Leibo and Vinicius Flores Zambaldi and Marc Lanctot and Janusz Marecki and Thore Graepel},
  journal={ArXiv},
  year={2017},
  volume={abs/1702.03037}
}

### [4pp]
@article{Foerster2016LearningTC,
  title={Learning to Communicate to Solve Riddles with Deep Distributed Recurrent Q-Networks},
  author={Jakob N. Foerster and Yannis Assael and Nando de Freitas and Shimon Whiteson},
  journal={ArXiv},
  year={2016},
  volume={abs/1602.02672}
}

@misc{magym,
  author = {Koul, Anurag},
  title = {ma-gym: Collection of multi-agent environments based on OpenAI gym.},
  year = {2019},
  publisher = {GitHub},
  journal = {GitHub repository},
  howpublished = {\url{https://github.com/koulanurag/ma-gym}},
}

@inproceedings{gupta2017cooperative,
  title={Cooperative multi-agent control using deep reinforcement learning},
  author={Gupta, Jayesh K and Egorov, Maxim and Kochenderfer, Mykel},
  booktitle={The 16th International Conference on Autonomous Agents and Multiagent Systems (AAMAS)},
  pages={66--83},
  year={2017},
  organization={Springer}
}